<record><leader>00000cas a22000007a 4500</leader><controlfield tag="001">14688466</controlfield><controlfield tag="008">861107d18481849pauwr ne      0    0eng d</controlfield><datafield ind1=" " ind2=" " tag="010"><subfield code="a">sn 86083321 </subfield></datafield><datafield ind1=" " ind2=" " tag="040"><subfield code="a">NPH</subfield><subfield code="b">eng</subfield><subfield code="c">NPH</subfield><subfield code="d">OCLCQ</subfield></datafield><datafield ind1=" " ind2=" " tag="042"><subfield code="a">msc</subfield></datafield><datafield ind1="0" ind2="0" tag="245"><subfield code="a">Pennsylvania register and Juniata advertiser.</subfield></datafield><datafield ind1="3" ind2="0" tag="246"><subfield code="a">Register &amp; advertiser</subfield></datafield><datafield ind1="3" ind2="0" tag="246"><subfield code="a">Register and advertiser</subfield></datafield><datafield ind1=" " ind2=" " tag="260"><subfield code="a">Mifflintown, Pa. :</subfield><subfield code="b">[s.n.],</subfield><subfield code="c">-1849.</subfield></datafield><datafield ind1=" " ind2=" " tag="300"><subfield code="a">v. ;</subfield><subfield code="c">55 cm.</subfield></datafield><datafield ind1=" " ind2=" " tag="310"><subfield code="a">Weekly</subfield></datafield><datafield ind1="1" ind2=" " tag="362"><subfield code="a">Began with Dec. 1, 1848 issue.</subfield><subfield code="z">Cf. Hist. of Juniata and Susquehanna Valleys.</subfield></datafield><datafield ind1="0" ind2=" " tag="362"><subfield code="a">-v. 2, no. 72 (Apr. 27, 1849).</subfield></datafield><datafield ind1=" " ind2=" " tag="500"><subfield code="a">Vol. 2, no. 2 (Dec. 15, 1848)--is misdated Dec. 13, 1848.</subfield></datafield><datafield ind1=" " ind2=" " tag="515"><subfield code="a">Issues for &lt;Dec. 13, 1848&gt; called also &lt;whole no. 54&gt;.</subfield></datafield><datafield ind1=" " ind2=" " tag="588"><subfield code="a">Description based on: Vol. 2, no. 2 (Dec. 13, 1848).</subfield></datafield><datafield ind1=" " ind2=" " tag="752"><subfield code="a">United States</subfield><subfield code="b">Pennsylvania</subfield><subfield code="c">Juniata</subfield><subfield code="d">Mifflintown.</subfield></datafield><datafield ind1="0" ind2="0" tag="780"><subfield code="t">Pennsylvania register</subfield><subfield code="w">(DLC)sn 86083320</subfield></datafield><datafield ind1="0" ind2="0" tag="785"><subfield code="t">Juniata register (Mifflintown, Pa. : 1849)</subfield><subfield code="w">(DLC)sn 86083322</subfield></datafield></record>